<Doc xmlns:gs2="http://www.greenstone.org/gs2" file="HASH7c57\5f57a57c\fb45ab00\33s41.dir\doc.xml"  gs2:docOID="HASH7c575f57a57cfb45ab0033s41" gs2:mode="add">

<Sec  gs2:docOID="HASH7c575f57a57cfb45ab0033s41" gs2:mode="add">
&lt;pre&gt;
 LDR 01200cjm  22003137a 4500
001     5755557
005     19950828153018.0
007     sdubsmennmplue
008     950516q19601969xx uun              eng  
035    _9 (DLC)   95780537
906    _a 7
       _b cbc
       _c orignew
       _d 3
       _e ncip
       _f 19
       _g y-genmusic
955    _a vn37
010    _a    95780537 
028 00 _a 726
       _b Renaissance Minstrels
035    _a (OCoLC)32483355 
040    _a DLC
       _c DLC
       _d DLC
050 00 _a Renaissance Minstrels 726
245 00 _a Renaissance minstrels.
       _n Volume II
       _h [sound recording].
260    _a [S.l.] :
       _b Renaissance Minstrels,
       _c [196-?]
300    _a 1 sound disc :
       _b analog, 33 1/3 rpm, stereo. ;
       _c 12 in.
511 0  _a The Beatles, vocal and instrumental ensemble.
505 0  _a The walk -- Teddy boy -- Two of us on the way home --
 I've got a feelin' -- Long and winding road -- For you blue --
 Dig a pony -- Across the universe -- Inner light -- Let it be
 -- Don't let me down -- Get back -- I'm down -- Instant
 karma.
500    _a Brief record.
650  0 _a Rock music
       _y To 1961.
650  0 _a Rock music
       _y 1961-1970.
710 2  _a Beatles.
       _4 prf
953    _a TA28
985    _a 9505
991    _b c-RecSound
       _h Renaissance Minstrels 726
       _w MUSIC
&lt;/pre&gt;
 
</Sec>


</Doc>
